% Encoding: UTF-8
@book{book_key,
	address = {City},
	publisher = {Publisher},
	author = {Smith, John},
	title = {Book title},
	year = {2012},
	volume = {3},
	series = {2},
	edition = {1},
	pages = {123--200},
	month = {January}
}

@article{introduction2,
  title={Global burden of cancers attributable to infections in 2008: a review and   synthetic analysis},
  author={De Martel, Catherine and Ferlay, Jacques and Franceschi, Silvia and Vignat,   J{\'e}r{\^o}me and Bray, Freddie and Forman, David and Plummer, Martyn},
  journal={The lancet oncology},
  volume={13},
  number={6},
  pages={607--615},
  year={2012},
  publisher={Elsevier}
}

@Book{java8inaction,
  title     = {Java 8实战},
  publisher = {人民邮电出版社},
  year      = {2016},
  author    = {[英]Raoul Urma，[意]Mario Fusco，[意]Alan Mycroft},
  isbn      = {978-7-115-41934-7},
}

@book{radioactivedecay2,
  title={Radioactivity: Introduction and History: Introduction and History},
  author={L'Annunziata, Michael F},
  year={2007},
  publisher={Elsevier}
}

@Comment{jabref-meta: databaseType:bibtex;}
